@Article{bn2010,
author = {Bean, Nigel G.  and  Nielsen, Bo F. },
title = {Quasi-Birth-and-Death Processes with Rational Arrival Process Components},
journal = {Stochastic Models},
volume = {26},
number = {3},
pages = {309-334},
year  = {2010},
}

@article{bo2013,
title = "Spatially-coherent uniformization of a stochastic fluid model to a Quasi-Birth-and-Death process",
journal = "Performance Evaluation",
volume = "70",
number = "9",
pages = "578 - 592",
year = "2013",
issn = "0166-5316",
author = "Nigel G. Bean and Małgorzata M. O'Reilly",
} 

@Book{nodalDGBook,
  title={Nodal discontinuous {G}alerkin methods: algorithms, analysis, and applications},
  author={Hesthaven, Jan S and Warburton, Tim},
  year={2007},
  publisher={Springer Science \& Business Media}
}

@Article{bo2014,
  author = 	 {Bean, Nigel G. and O'Reilly, Malgorzata M.},
  title = 	 {The stochastic fluid-fluid model: A stochastic fluid model driven by an uncountable-state process, which is a stochastic fluid itself},
  journal = 	 {Stochastic Processes and their Applications},
  year = 	 {2014},
  volume = 	 {124},
  pages = 	 {1741--1772}
}

@Article{mz2012,
  author = 	 {Miyazawa, Masakiyo and Zwart, Bert},
  title = 	 {Wiener-{H}opf factorizations for a multidimensional {M}arkov additive process and their applications to reflected processes},
  journal = 	 {Stochastic Systems},
  year = 	 {2012},
  volume = 	 {2},
  pages = 	 {67--114}
}

@Article{agks04,
  author = 	 {Aggarwal,  V. and Gautam,  N. and  Kumara,  S.R.T. and Greaves,  M.},
  title = 	 {Stochastic  fluid  flow  models  for determining optimal switching thresholds with an application to agent task scheduling},
  journal = 	 {Performance Evaluation},
  year = 	 {2004},
  volume = 	 {1},
  pages = 	 {19--46}
}

@InCollection{lnp13,
  author = 	 {Latouche, G. and Nguyen, G. T. and Palmowski, Z.},
  title = 	 {Two-dimensional fluid queues with temporary assistance},
  booktitle = {Matrix-Analytic Methods in Stochastic Models},
  publisher = {Springer Science},
  year = 	 {2013},
  editor = 	 {G. Latouche and V. Ramaswami and J. Sethuraman and K. Sigman and M. Squillante and D. Yao},
  volume = 	 {27},
  series = 	 {Springer Proceedings in Mathematics \& Statistics},
  chapter = 	 {9},
  address = 	 {New York, NY},
  journal = 	 {Performance Evaluation},
  pages = 	 {187--207}
}

@Book{lr99,  
  author = 	 "G.~Latouche and V.~Ramaswami",
  title = 	 "Introduction to matrix analytic methods in stochastic
		  modeling",
  publisher = 	 "SIAM",
  year = 	 "1999",
  series = 	 "ASA-SIAM Series on Statistics and Applied Probability",
  address = 	 "Philadelphia PA",
  annote =         "334 pages",
  annote = 	 {TR 427}
}

@Book{neuts81,  
  author = 	 "M.~Neuts",
  title = 	 "Introduction to Matrix Analytic Methods in Stochastic
		  Modeling",
  publisher = 	 "The John Hopkins University Press",
  year = 	 "1981",
  address = 	 "Baltimore, MD",
}

@InCollection{c99,
  author = 	 {Cockburn, B.},
  title = 	 {Discontinous {G}arlekin methods for convection-dominated problems},
  booktitle = {Higher-Order Methods for Computational Physics},
  publisher = {Springer Verlag},
  year = 	 {1999},
  editor = 	 {T. Barth and H. Deconink},
  volume = 	 {9},
  series = 	 {Lecture Notes in Computational Science and Engineering},
  address = 	 {Berlin},
  pages = 	 {69--224}
}

@Article{bot08,
  author = 	 {Bean, Nigel G. and O'Reilly, Malgorzata M and Taylor, Peter G.},
  title = 	 {Algorithms for the {L}aplace-{S}tieltjes Transforms of First Return Times for Stochastic Fluid Flows},
  journal = 	 {Methodology and Computing in Applied Probability},
  year = 	 {2009},
  volume = 	 {10},
  issue = {3}, 
  pages = 	 {381--408}
}

@book{riviere2008discontinuous,
  title={Discontinuous {G}alerkin methods for solving elliptic and parabolic equations: {T}heory and implementation},
  author={Riviere, Beatrice},
  year={2008},
  publisher={SIAM}
}

@Article{b2003,
  author = 	 {Cockburn, B.},
  title = 	 {Discontinous {G}alerkin methods},
  journal = 	 {Z. Angew. Math. Mech.},
  year = 	 {2003},
  volume = 	 {83},
  issue = {11}, 
  pages = 	 {731--754}
}

@phdthesis{dasilva2005,
  title={{F}luid queues: building upon the analogy with {QBD} processes},
  author={da Silva Soares, A},
  year = {2005},
  school={Universit{\'e} Libre de {B}ruxelles}
}

@article{kk1995,
 ISSN = {0030364X, 15265463},
 author = {Rajeeva L. Karandikar and Vidyadhar G. Kulkarni},
 journal = {Operations Research},
 number = {1},
 pages = {77--88},
 publisher = {INFORMS},
 title = {Second-Order Fluid Flow Models: Reflected {B}rownian Motion in a Random Environment},
 volume = {43},
 year = {1995}
}

@article{ab1999,
title = "Point processes with finite-dimensional conditional probabilities",
journal = "Stochastic Processes and their Applications",
volume = "82",
number = "1",
pages = "127 - 142",
year = "1999",
issn = "0304-4149",
doi = "https://doi.org/10.1016/S0304-4149(99)00006-X",
author = "Søren Asmussen and Mogens Bladt",
}

@article{bn2011,
author = { Mogens   Bladt  and  Bo   Friis   Nielsen },
title = {Moment Distributions of Phase Type},
journal = {Stochastic Models},
volume = {27},
number = {4},
pages = {651-663},
year  = {2011},
publisher = {Taylor & Francis},
}

@book{MEinAP,
title = "Matrix-Exponential Distributions in Applied Probability",
keywords = "Mathematics, Probability Theory and Stochastic Processes, Operations Research, Management Science",
author = "Mogens Bladt and Nielsen, {Bo Friis}",
year = "2017",
doi = "10.1007/978-1-4939-7049-0",
language = "English",
isbn = "978-1-4939-7049-0",
publisher = "Springer",
}

@article{hhat2020,
title = "Numerical inverse {L}aplace transformation using concentrated matrix exponential distributions",
journal = "Performance Evaluation",
volume = "137",
pages = "102067",
year = "2020",
issn = "0166-5316",
author = "Gábor Horváth and Illés Horváth and Salah Al-Deen Almousa and Miklós Telek"
}

@inproceedings{ert2006,
title={Minimal coefficient of variation of matrix exponential distributions},
author={{\'E}lteto, T. and {\'R}acz, S. and Telek, M.},
booktitle={2nd Madrid Conference on Queueing Theory},
location={Madrid, Spain},
year={2006}
}

@inproceedings{hstz2016,
title={Concentrated matrix exponential distributions},
author={Horv{\'a}th, I. and S{\'a}f{\'a}r, O. and Telek, M. and Zamb{\'o}, B.},
booktitle={In proceedings of European Performance Evaluation Workshop},
year={2016}
}

@article{mt2021, 
title={Concentrated matrix exponential distributions with real eigenvalues}, 
DOI={10.1017/S0269964821000309}, 
journal={Probability in the Engineering and Informational Sciences}, 
publisher={Cambridge University Press}, 
author={Mészáros, András and Telek, Miklós}, 
year={2021}, 
pages={1-17}
}

@article{hht2020,
author = {Gábor Horváth and Illés Horváth and Miklós Telek},
title = {High order concentrated matrix-exponential distributions},
journal = {Stochastic Models},
volume = {36},
number = {2},
pages = {176-192},
year  = {2020},
publisher = {Taylor & Francis},
doi = {10.1080/15326349.2019.1702058}
}

@article{g1977,
 ISSN = {00018678},
 author = {Jan Grandell},
 journal = {Advances in Applied Probability},
 number = {3},
 pages = {502--526},
 publisher = {Applied Probability Trust},
 title = {Point Processes and Random Measures},
 volume = {9},
 year = {1977}
}

@article{ln2015,
author = {Latouche, Guy and Nguyen, Giang T.},
title = {The Morphing of Fluid Queues into {M}arkov-Modulated {B}rownian Motion},
journal = {Stochastic Systems},
volume = {5},
number = {1},
pages = {62-86},
year = {2015}
}

@article{loynes1962, 
title={A continuous-time treatment of certain queues and infinite dams}, 
volume={2}, 
DOI={10.1017/S1446788700027488}, 
number={4}, 
journal={Journal of the Australian Mathematical Society}, 
publisher={Cambridge University Press}, 
author={Loynes, R.}, 
year={1962}, 
pages={484-498}}

@article{anick1982, 
author={D. {Anick} and D. {Mitra} and M. {Sondhi}}, 
journal={The Bell System Technical Journal}, 
title={Stochastic theory of a data-handling system with multiple sources}, 
year={1982}, 
volume={61}, 
number={8}, 
pages={1871-1894}, 
keywords={}, 
doi={10.1002/j.1538-7305.1982.tb03089.x}, 
ISSN={0005-8580}, 
month={Oct}}

@article{hydro, 
author={N. G. Bean and M. M. O'Reilly and J. Sargison}, 
journal={IEEE Transactions on Power Systems}, 
title={A Stochastic Fluid Flow Model of the Operation and Maintenance of Power Generation Systems}, 
year={2010}, 
volume={25}, 
number={3}, 
pages={1361-1374}, 
keywords={decision making;hydroelectric power stations;maintenance engineering;power markets;stochastic processes;stochastic fluid flow model;power generation system maintenance;strategic decision making;electricity market bidding prices;hydropower generation system;time-dependent performance measures;hydropower generator;Stochastic systems;Fluid flow;Power system modeling;Power generation;Costs;Australia;Electricity supply industry;Degradation;Decision making;Power generation dispatch;Maintenance;{M}arkov chains;operation strategies;power generation systems}, 
doi={10.1109/TPWRS.2010.2042308}, 
ISSN={0885-8950}, 
}

@mastersthesis{wurm2020,
  title={Stochastic Modelling of Coral-Algal Symbiosis on the {Great Barrier Reef}},
  author={Max Wurm},
  year = {2020},
  school={School of Mathematical Sciences, The {U}niversity of {A}delaide}
}

@article{betal2005,
author = { Andrei   Badescu  and  Lothar   Breuer  and  Ana   Da Silva Soares  and  Guy   Latouche  and  Marie-Ange   Remiche  and  David   Stanford },
title = {Risk processes analyzed as fluid queues},
journal = {Scandinavian Actuarial Journal},
volume = {2005},
number = {2},
pages = {127-141},
year  = {2005},
publisher = {Taylor & Francis}
}

@article{bean2005,
  title={Hitting probabilities and hitting times for stochastic fluid flows},
  author={Bean, N G and O'Reilly, M M and Taylor, P G},
  journal={Stochastic Processes and their Applications},
  volume={115},
  number={9},
  pages={1530--1556},
  year={2005},
  publisher={Elsevier}
}

@article{bean2005b,
author = { Nigel G   Bean  and  M M   O'Reilly  and  Peter G   Taylor },
title = {ALGORITHMS FOR RETURN PROBABILITIES FOR STOCHASTIC FLUID FLOWS},
journal = {Stochastic Models},
volume = {21},
number = {1},
pages = {149-184},
year  = {2005},
publisher = {Taylor & Francis},
doi = {10.1081/STM-200046511}
}

@article{bean2009,
  title={Hitting probabilities and hitting times for stochastic fluid flows: the bounded model},
  author={Bean, N G and O'Reilly, M M and Taylor, P G},
  journal={Probability in the Engineering and Informational Sciences},
  volume={23},
  number={1},
  pages={121--147},
  year={2009},
  publisher={Cambridge University Press}
}

@article{latouche2018,
  title={Analysis of fluid flow models},
  author={Latouche, G and Nguyen, G T},
  journal={arXiv preprint arXiv:1901.10635},
  year={2019}
}

@article{ar2004,
author = { Soohan   Ahn  and  V.   Ramaswami },
title = {Transient Analysis of Fluid Flow Models via Stochastic Coupling to a Queue},
journal = {Stochastic Models},
volume = {20},
number = {1},
pages = {71-101},
year  = {2004},
publisher = {Taylor & Francis},
doi = {10.1081/STM-120028392}
}

@article{ar2003,
author = { Soohan   Ahn  and  V.   Ramaswami },
title = {Fluid Flow Models and Queues—A Connection by Stochastic Coupling},
journal = {Stochastic Models},
volume = {19},
number = {3},
pages = {325-348},
year  = {2003},
publisher = {Taylor & Francis},
doi = {10.1081/STM-120023564}
}

@article{ajr2005,
author = { Soohan   Ahn  and J. Jeon and V.   Ramaswami },
title = {Steady State Analysis of Finite Fluid Flow Models Using Finite {QBD}s},
journal = {Queueing Syst.},
volume = {49},
pages = {223-259},
year  = {2005},
publisher={Springer Science \& Business Media},
doi = {10.1007/s11134-005-6966-9},
}

@article{beanetal2019,
      title={A discontinuous {G}alerkin method for approximating the stationary distribution of stochastic fluid-fluid processes}, 
      author={Nigel Bean and Angus Lewis and Giang T. Nguyen and Malgorzata M. O'Reilly and Vikram Sunkara},
      year={2021},
      eprint={1901.10635},
      archivePrefix={arXiv},
      primaryClass={math.PR},
      journal={arXiv preprint arXiv:1901.10635}
}

@book{koltai2011,
  title={Efficient approximation methods for the global long-term behavior of dynamical systems: theory, algorithms and examples},
  author={Koltai, P{\'e}ter},
  year={2011},
  publisher={Logos Verlag Berlin GmbH}
}

@article{as1987,
author = { Aldous,   David  and  Shepp,   Larry },
title = {The least variable phase type distribution is {E}rlang},
journal = {Stochastic Models},
volume = {3},
number = {3},
pages = {467-473},
year  = {1987},
publisher = {Taylor & Francis},
doi = {10.1080/15326348708807067}
}

@book{a2008,
  title={Applied probability and queues},
  author={Asmussen, S{\o}ren},
  volume={51},
  year={2008},
  publisher={Springer Science \& Business Media}
}

@misc{chung1973introduction,
  title={An Introduction to Probability Theory and its Applications 2},
  author={Chung, Kai Lai},
  year={1973},
  publisher={JSTOR}
}

@book{feller1957,
author = {Feller, William},
address = {New York},
booktitle = {An introduction to probability theory and its applications},
edition = {2nd ed.},
isbn = {0471257095},
keywords = {Probabilities},
language = {eng},
lccn = {57010805},
publisher = {Wiley},
series = {Wiley series in probability and mathematical statistics},
title = {An introduction to probability theory and its applications },
year = {1957},
}

@article{hmp2017,
author = {Hautphenne, Sophie and Massaro, Melanie and Taylor, Peter},
address = {Berlin/Heidelberg},
copyright = {Springer-Verlag Berlin Heidelberg 2017},
issn = {0303-6812},
journal = {Journal of Mathematical Biology},
keywords = {Phase-type distribution ; 92B05 ; 92D25 ; Mathematical and Computational Biology ; Mathematics ; 60J27 ; Applications of Mathematics ; Transient {M}arkov chain ; Age distribution ; Petroica traversi ; New Zealand ; Biostatistics ; {M}arkov Chains ; Age Distribution ; Animals ; Songbirds - growth & development ; Stochastic Processes ; Models, Biological ; Mathematical Concepts ; Poisson Distribution ; {M}arkov processes ; Usage ; Age determination (Zoology) ; Statistical sampling ; Methods},
language = {eng},
number = {6},
pages = {1319-1347},
publisher = {Springer Berlin Heidelberg},
title = {How old is this bird? {T}he age distribution under some phase sampling schemes},
volume = {75},
year = {2017},
}

@inproceedings{rs2003,
  title={Transient analysis of a {M}arkov modulated fluid queue with linear service rate},
  author={Rabehasaina, L and Sericola, B},
  booktitle={Proceedings of the 10th Conference in Analytical Stochastic Modelling Techniques and Applications},
  pages={234--239},
  year={2003},
  organization={ASMTA'03}
}

@article{bo2008,
  title={Performance measures of a multi-layer {M}arkovian fluid model},
  author={Bean, Nigel G and O'Reilly, Ma{\l}gorzata M},
  journal={Annals of Operations Research},
  volume={160},
  number={1},
  pages={99--120},
  year={2008},
  publisher={Springer}
}

@book{billingsleyconvergence,
abstract = {"In this new edition, Patrick Billingsley updates his classic work Convergence of Probability Measures to reflect developments of the past thirty years. Dr. Billingsley presents a clear, precise, up-to-date account of probability limit theory in metric spaces. He incorporates many examples and applications that illustrate the power and utility of this theory in a range of disciplines - from analysis and number theory to statistics, engineering, economics, and population biology."--BOOK JACKET.},
author = {Billingsley, Patrick.},
address = {New York ;},
booktitle = {Convergence of probability measures},
edition = {2nd ed.},
isbn = {9780471197454},
keywords = {Probabilities},
language = {eng},
lccn = {99030372},
publisher = {Wiley},
series = {Wiley series in probability and statistics. Probability and statistics section},
title = {Convergence of probability measures },
year = {1999},
}

@article{blnos2022,
  title={A Discontinuous {G}alerkin Method for Approximating the Stationary Distribution of Stochastic Fluid-Fluid Processes},
  author={Bean, Nigel G and Lewis, Angus and Nguyen, Giang and O'Reilly, Ma{\l}gorzata M and Sunkara, Vikram},
  journal={arXiv preprint ARXIV TICKER},
  year={2022}
}

@article{sr2002,
author={Spiteri,Raymond J. and Ruuth,Steven J.},
year={2002},
title={A New Class of Optimal High-Order Strong-Stability-Preserving Time Discretization Methods},
journal={SIAM Journal on Numerical Analysis},
volume={40},
number={2},
pages={469-23}
}

@misc{bop2020,
      title={Matrix-Analytic Methods for the analysis of Stochastic Fluid-Fluid Models}, 
      author={Nigel G. Bean and Małgorzata M. O'Reilly and Zbigniew Palmowski},
      year={2020},
      eprint={2010.13077},
      archivePrefix={arXiv},
      primaryClass={math.PR}
}

@phdthesis{s2017,
  title={Networks of interacting stochastic fluid models},
  author={Sonenberg, Nikki},
  school={School of Mathematics and Statistics, {U}niversity of {M}elbourne},
  year={2017}
}

@misc{bgnp2021,
  title={{RAP}-modulated Fluid Processes: First Passages and the Stationary Distribution},
  author={Bean, Nigel G and Nguyen, Giang T and Nielsen, Bo F and Peralta Gutierrez, Oscar},
  journal={arXiv preprint},
  eprint={2101.03242},
  primaryClass={math.PR},
  year={2021}
}

@phdthesis{p2019,
title = "Advances of matrix-analytic methods in risk modelling",
author = "{Peralta Gutierrez}, Oscar",
year = "2019",
language = "English",
school = "DTU Compute"
}

@Book{portmanteaubook,
  title={Probability Theory},
  author={Achim Klenke},
  year={2014},
  publisher={Springer, London}
}

@article{bnp2018,
  title={Doubling algorithms for stationary distributions of fluid queues: A probabilistic interpretation},
  author={Bean, Nigel and Nguyen, Giang T and Poloni, Federico},
  journal={Performance Evaluation},
  volume={125},
  pages={1--20},
  year={2018},
  publisher={Elsevier}
}

@article{aw2006,
title = {A Unified Framework for Numerically Inverting {L}aplace Transforms},
author = {Abate, Joseph and Whitt, Ward},
year = {2006},
journal = {INFORMS Journal on Computing},
volume = {18},
number = {4},
pages = {408-421}
}

@article{br1997,
    author = {Bhatia, Rajendra and Rosenthal, Peter},
    title = "How and Why to Solve the Operator Equation {AX-XB = Y}",
    journal = {Bulletin of the London Mathematical Society},
    volume = {29},
    number = {1},
    pages = {1-21},
    year = {1997},
    month = {01},
    issn = {0024-6093},
    doi = {10.1112/S0024609396001828}
}

@article{bo2013b,
  title={A stochastic two-dimensional fluid model},
  author={Bean, Nigel G and O'Reilly, Ma{\l}gorzata M},
  journal={Stochastic Models},
  volume={29},
  number={1},
  pages={31--63},
  year={2013},
  publisher={Taylor \& Francis}
}

@book{steinreal,
  title={Real analysis},
  author={Stein, Elias M and Shakarchi, Rami},
  year={2009},
  publisher={Princeton University Press}
}

@book{rossBook,
series = {Wiley series in probability and statistics},
publisher = {Wiley},
booktitle = {Stochastic processes},
isbn = {0471120626},
year = {1996},
title = {Stochastic processes / Sheldon M. Ross.},
edition = {2nd ed.},
language = {eng},
address = {New York},
author = {Ross, Sheldon M},
keywords = {Stochastic processes},
lccn = {95038012},
}

@book{borthwickBook,
address = {Cham},
copyright = {Springer International Publishing AG 2016},
isbn = {9783319489346},
issn = {0172-5939},
keywords = {Mathematical Applications in the Physical Sciences ; Mathematics ; Mathematics and Statistics ; Partial Differential Equations},
language = {eng},
publisher = {Springer International Publishing},
series = {Universitext},
title = {Introduction to Partial Differential Equations},
author = {Borthwick, David},
}

@book{ethierkurtz,
author = {Ethier, Stewart N.},
address = {New York},
booktitle = {{M}arkov processes : characterization and convergence},
isbn = {0471081868},
keywords = {{M}arkov processes},
language = {eng},
lccn = {85012078},
publisher = {Wiley},
series = {Wiley series in probability and mathematical statistics},
title = {{M}arkov processes : characterization and convergence },
year = {1986},
}

@book{kallenberg,
author = {Kallenberg, Olav},
address = {Cham, Switzerland},
booktitle = {Foundations of modern probability},
edition = {Third edition.},
isbn = {3-030-61871-4},
keywords = {Probabilities},
language = {eng},
publisher = {Springer},
series = {Probability Theory and Stochastic Modelling, 99},
title = {Foundations of modern probability },
year = {2021},
}

@misc{shalizi,
  author        = {Cosma Shalizi},
  title         = {Almost None of the Theory of Stochastic
Processes},
  month         = {July},
  year          = {2010},
  publisher={Faculdade de Engenharia da Universidade do Porto},
  url={https://www.stat.cmu.edu/~cshalizi/almost-none/v0.1.1/almost-none.pdf
}
}

@article{sericola1998,
  title={Transient analysis of stochastic fluid models},
  author={Sericola, Bruno},
  journal={Performance evaluation},
  volume={32},
  number={4},
  pages={245--263},
  year={1998},
  publisher={Elsevier}
}

@article{sericola1999,
  title={A fluid queue driven by a Markovian queue},
  author={Sericola, Bruno and Tuffin, Bruno},
  journal={Queueing Systems},
  volume={31},
  number={3},
  pages={253--264},
  year={1999},
  publisher={Springer}
}

@article{sericola2001,
  title={A finite buffer fluid queue driven by a Markovian queue},
  author={Sericola, Bruno},
  journal={Queueing Systems},
  volume={38},
  number={2},
  pages={213--220},
  year={2001},
  publisher={Springer}
}

@techreport{reed1973,
  title={Triangular mesh methods for the neutron transport equation},
  author={Reed, William H and Hill, Thomas R},
  year={1973},
  institution={Los Alamos Scientific Lab., N. Mex.(USA)}
}